<record><leader>00000cas a22000007a 4500</leader><controlfield tag="001">18124099</controlfield><controlfield tag="008">880623d19711971ohuwr ne      0    0eng d</controlfield><datafield ind1=" " ind2=" " tag="010"><subfield code="a">sn 88077580 </subfield></datafield><datafield ind1=" " ind2=" " tag="040"><subfield code="a">ONP</subfield><subfield code="b">eng</subfield><subfield code="c">ONP</subfield><subfield code="d">OCLCQ</subfield></datafield><datafield ind1=" " ind2=" " tag="042"><subfield code="a">msc</subfield></datafield><datafield ind1="0" ind2="4" tag="245"><subfield code="a">The Morrow County Independent register.</subfield></datafield><datafield ind1=" " ind2=" " tag="260"><subfield code="a">Cardington, Ohio :</subfield><subfield code="b">Ward E. Conaway,</subfield><subfield code="c">1971.</subfield></datafield><datafield ind1=" " ind2=" " tag="300"><subfield code="a">v.</subfield></datafield><datafield ind1=" " ind2=" " tag="310"><subfield code="a">Weekly</subfield></datafield><datafield ind1="0" ind2=" " tag="362"><subfield code="a">124th year, issue no. 3 (July 15, 1971).</subfield></datafield><datafield ind1=" " ind2="4" tag="651"><subfield code="a">Cardington (Ohio)</subfield><subfield code="v">Newspapers.</subfield></datafield><datafield ind1=" " ind2="4" tag="651"><subfield code="a">Morrow County (Ohio)</subfield><subfield code="v">Newspapers.</subfield></datafield><datafield ind1=" " ind2=" " tag="752"><subfield code="a">United States</subfield><subfield code="b">Ohio</subfield><subfield code="c">Morrow</subfield><subfield code="d">Cardington.</subfield></datafield><datafield ind1="0" ind2="4" tag="780"><subfield code="t">Union register (Mount Gilead, Ohio : 1861)</subfield><subfield code="w">(DLC)sn 85038108</subfield></datafield><datafield ind1="0" ind2="4" tag="780"><subfield code="t">Morrow County Independent (Cardington, Ohio : 1889)</subfield><subfield code="w">(DLC)sn 88077579</subfield></datafield><datafield ind1="0" ind2="7" tag="785"><subfield code="t">Tri-county star (Ashley, Ohio)</subfield><subfield code="w">(DLC)sn 88077581</subfield></datafield><datafield ind1="0" ind2="7" tag="785"><subfield code="t">Morrow County Independent register and tri-county star</subfield><subfield code="w">(DLC)sn 88077582</subfield></datafield></record>